%YAML 1.1
%TAG !u! tag:unity3d.com,2011:
--- !u!1 &1880887009
GameObject:
  m_ObjectHideFlags: 0
  m_CorrespondingSourceObject: {fileID: 0}
  m_PrefabInstance: {fileID: 0}
  m_PrefabAsset: {fileID: 0}
  serializedVersion: 6
  m_Component:
  - component: {fileID: 1880887010}
  - component: {fileID: 1880887011}
  m_Layer: 0
  m_Name: EffectCreator
  m_TagString: Untagged
  m_Icon: {fileID: 0}
  m_NavMeshLayer: 0
  m_StaticEditorFlags: 0
  m_IsActive: 1
--- !u!4 &1880887010
Transform:
  m_ObjectHideFlags: 0
  m_CorrespondingSourceObject: {fileID: 0}
  m_PrefabInstance: {fileID: 0}
  m_PrefabAsset: {fileID: 0}
  m_GameObject: {fileID: 1880887009}
  m_LocalRotation: {x: 0, y: 0, z: 0, w: 1}
  m_LocalPosition: {x: 0, y: 0, z: 0}
  m_LocalScale: {x: 1, y: 1, z: 1}
  m_Children: []
  m_Father: {fileID: 4155852843911264371}
  m_RootOrder: 2
  m_LocalEulerAnglesHint: {x: 0, y: 0, z: 0}
--- !u!114 &1880887011
MonoBehaviour:
  m_ObjectHideFlags: 0
  m_CorrespondingSourceObject: {fileID: 0}
  m_PrefabInstance: {fileID: 0}
  m_PrefabAsset: {fileID: 0}
  m_GameObject: {fileID: 1880887009}
  m_Enabled: 1
  m_EditorHideFlags: 0
  m_Script: {fileID: 11500000, guid: 4d6d8344326a401eaecbab634fcf6c27, type: 3}
  m_Name: 
  m_EditorClassIdentifier: 
  Prefab: {fileID: 1244648123260050331, guid: 40b524ef0e84f2f40b381442ea7503b2, type: 3}
  Spawn: {fileID: 1880887010}
--- !u!1 &4155852843911264368
GameObject:
  m_ObjectHideFlags: 0
  m_CorrespondingSourceObject: {fileID: 0}
  m_PrefabInstance: {fileID: 0}
  m_PrefabAsset: {fileID: 0}
  serializedVersion: 6
  m_Component:
  - component: {fileID: 4155852843911264371}
  - component: {fileID: 4155852843911264370}
  - component: {fileID: 4155852843911264381}
  - component: {fileID: 4155852843911264382}
  - component: {fileID: 4155852843911264383}
  - component: {fileID: 4155852843911264380}
  - component: {fileID: 629863110}
  m_Layer: 0
  m_Name: Acorn
  m_TagString: Untagged
  m_Icon: {fileID: 0}
  m_NavMeshLayer: 0
  m_StaticEditorFlags: 0
  m_IsActive: 1
--- !u!4 &4155852843911264371
Transform:
  m_ObjectHideFlags: 0
  m_CorrespondingSourceObject: {fileID: 0}
  m_PrefabInstance: {fileID: 0}
  m_PrefabAsset: {fileID: 0}
  m_GameObject: {fileID: 4155852843911264368}
  m_LocalRotation: {x: -0.70710677, y: 0.000000029802326, z: 0.000000029802326, w: 0.70710677}
  m_LocalPosition: {x: 0, y: 0, z: 0}
  m_LocalScale: {x: 1, y: 1, z: 1}
  m_Children:
  - {fileID: 8995442083399813618}
  - {fileID: 4155852845198000113}
  - {fileID: 1880887010}
  m_Father: {fileID: 0}
  m_RootOrder: 0
  m_LocalEulerAnglesHint: {x: -90, y: 90.00001, z: -90.00001}
--- !u!54 &4155852843911264370
Rigidbody:
  m_ObjectHideFlags: 0
  m_CorrespondingSourceObject: {fileID: 0}
  m_PrefabInstance: {fileID: 0}
  m_PrefabAsset: {fileID: 0}
  m_GameObject: {fileID: 4155852843911264368}
  serializedVersion: 2
  m_Mass: 1
  m_Drag: 0
  m_AngularDrag: 0.05
  m_UseGravity: 1
  m_IsKinematic: 0
  m_Interpolate: 0
  m_Constraints: 0
  m_CollisionDetection: 0
--- !u!114 &4155852843911264381
MonoBehaviour:
  m_ObjectHideFlags: 0
  m_CorrespondingSourceObject: {fileID: 0}
  m_PrefabInstance: {fileID: 0}
  m_PrefabAsset: {fileID: 0}
  m_GameObject: {fileID: 4155852843911264368}
  m_Enabled: 1
  m_EditorHideFlags: 0
  m_Script: {fileID: 11500000, guid: 0a2e013e30e442a2b16151330d714dde, type: 3}
  m_Name: 
  m_EditorClassIdentifier: 
  Rigidbody: {fileID: 4155852843911264370}
  Force: {x: 0, y: 0, z: 13}
  RotationSpeed: 10
--- !u!114 &4155852843911264382
MonoBehaviour:
  m_ObjectHideFlags: 0
  m_CorrespondingSourceObject: {fileID: 0}
  m_PrefabInstance: {fileID: 0}
  m_PrefabAsset: {fileID: 0}
  m_GameObject: {fileID: 4155852843911264368}
  m_Enabled: 1
  m_EditorHideFlags: 0
  m_Script: {fileID: 11500000, guid: da56fb769aab45d6b004943c3353c505, type: 3}
  m_Name: 
  m_EditorClassIdentifier: 
  MaxHealth: 1
  EventOnTakeDamage:
    m_PersistentCalls:
      m_Calls: []
  EventOnDie:
    m_PersistentCalls:
      m_Calls:
      - m_Target: {fileID: 1880887011}
        m_MethodName: Create
        m_Mode: 1
        m_Arguments:
          m_ObjectArgument: {fileID: 0}
          m_ObjectArgumentAssemblyTypeName: UnityEngine.Object, UnityEngine
          m_IntArgument: 0
          m_FloatArgument: 0
          m_StringArgument: 
          m_BoolArgument: 0
        m_CallState: 2
--- !u!114 &4155852843911264383
MonoBehaviour:
  m_ObjectHideFlags: 0
  m_CorrespondingSourceObject: {fileID: 0}
  m_PrefabInstance: {fileID: 0}
  m_PrefabAsset: {fileID: 0}
  m_GameObject: {fileID: 4155852843911264368}
  m_Enabled: 1
  m_EditorHideFlags: 0
  m_Script: {fileID: 11500000, guid: 5c607f6e5f4c497eb620b65facbcb463, type: 3}
  m_Name: 
  m_EditorClassIdentifier: 
  Damage: 1
--- !u!114 &4155852843911264380
MonoBehaviour:
  m_ObjectHideFlags: 0
  m_CorrespondingSourceObject: {fileID: 0}
  m_PrefabInstance: {fileID: 0}
  m_PrefabAsset: {fileID: 0}
  m_GameObject: {fileID: 4155852843911264368}
  m_Enabled: 1
  m_EditorHideFlags: 0
  m_Script: {fileID: 11500000, guid: fdd5dfaad1ea49789da4a31985cdadbd, type: 3}
  m_Name: 
  m_EditorClassIdentifier: 
  EnemyHealth: {fileID: 4155852843911264382}
  IsDieOnAnyCollision: 1
--- !u!75 &629863110
ConstantForce:
  m_ObjectHideFlags: 0
  m_CorrespondingSourceObject: {fileID: 0}
  m_PrefabInstance: {fileID: 0}
  m_PrefabAsset: {fileID: 0}
  m_GameObject: {fileID: 4155852843911264368}
  m_Enabled: 1
  m_Force: {x: 0, y: -20, z: 0}
  m_RelativeForce: {x: 0, y: 0, z: 0}
  m_Torque: {x: 0, y: 0, z: 0}
  m_RelativeTorque: {x: 0, y: 0, z: 0}
--- !u!1 &4155852845198000118
GameObject:
  m_ObjectHideFlags: 0
  m_CorrespondingSourceObject: {fileID: 0}
  m_PrefabInstance: {fileID: 0}
  m_PrefabAsset: {fileID: 0}
  serializedVersion: 6
  m_Component:
  - component: {fileID: 4155852845198000113}
  - component: {fileID: 4155852845198000112}
  m_Layer: 0
  m_Name: Sphere
  m_TagString: Untagged
  m_Icon: {fileID: 0}
  m_NavMeshLayer: 0
  m_StaticEditorFlags: 0
  m_IsActive: 1
--- !u!4 &4155852845198000113
Transform:
  m_ObjectHideFlags: 0
  m_CorrespondingSourceObject: {fileID: 0}
  m_PrefabInstance: {fileID: 0}
  m_PrefabAsset: {fileID: 0}
  m_GameObject: {fileID: 4155852845198000118}
  m_LocalRotation: {x: 0, y: 0, z: 0, w: 1}
  m_LocalPosition: {x: 0, y: 0.037, z: 0}
  m_LocalScale: {x: 0.70457, y: 0.70457, z: 0.70457}
  m_Children: []
  m_Father: {fileID: 4155852843911264371}
  m_RootOrder: 1
  m_LocalEulerAnglesHint: {x: 0, y: 0, z: 0}
--- !u!135 &4155852845198000112
SphereCollider:
  m_ObjectHideFlags: 0
  m_CorrespondingSourceObject: {fileID: 0}
  m_PrefabInstance: {fileID: 0}
  m_PrefabAsset: {fileID: 0}
  m_GameObject: {fileID: 4155852845198000118}
  m_Material: {fileID: 0}
  m_IsTrigger: 0
  m_Enabled: 1
  serializedVersion: 2
  m_Radius: 0.5
  m_Center: {x: 0, y: 0, z: 0}
--- !u!1001 &4155852844567421672
PrefabInstance:
  m_ObjectHideFlags: 0
  serializedVersion: 2
  m_Modification:
    m_TransformParent: {fileID: 4155852843911264371}
    m_Modifications:
    - target: {fileID: -4216859302048453862, guid: 0e79ba2994bffd945b285f75c1aa4392,
        type: 3}
      propertyPath: m_LocalPosition.x
      value: 0
      objectReference: {fileID: 0}
    - target: {fileID: -4216859302048453862, guid: 0e79ba2994bffd945b285f75c1aa4392,
        type: 3}
      propertyPath: m_LocalPosition.y
      value: 0
      objectReference: {fileID: 0}
    - target: {fileID: -4216859302048453862, guid: 0e79ba2994bffd945b285f75c1aa4392,
        type: 3}
      propertyPath: m_LocalPosition.z
      value: 0
      objectReference: {fileID: 0}
    - target: {fileID: -4216859302048453862, guid: 0e79ba2994bffd945b285f75c1aa4392,
        type: 3}
      propertyPath: m_LocalRotation.x
      value: 0
      objectReference: {fileID: 0}
    - target: {fileID: -4216859302048453862, guid: 0e79ba2994bffd945b285f75c1aa4392,
        type: 3}
      propertyPath: m_LocalRotation.y
      value: 0.7069834
      objectReference: {fileID: 0}
    - target: {fileID: -4216859302048453862, guid: 0e79ba2994bffd945b285f75c1aa4392,
        type: 3}
      propertyPath: m_LocalRotation.z
      value: 0.70723015
      objectReference: {fileID: 0}
    - target: {fileID: -4216859302048453862, guid: 0e79ba2994bffd945b285f75c1aa4392,
        type: 3}
      propertyPath: m_LocalRotation.w
      value: 0
      objectReference: {fileID: 0}
    - target: {fileID: -4216859302048453862, guid: 0e79ba2994bffd945b285f75c1aa4392,
        type: 3}
      propertyPath: m_RootOrder
      value: 0
      objectReference: {fileID: 0}
    - target: {fileID: -4216859302048453862, guid: 0e79ba2994bffd945b285f75c1aa4392,
        type: 3}
      propertyPath: m_LocalEulerAnglesHint.x
      value: -90.02
      objectReference: {fileID: 0}
    - target: {fileID: -4216859302048453862, guid: 0e79ba2994bffd945b285f75c1aa4392,
        type: 3}
      propertyPath: m_LocalEulerAnglesHint.y
      value: 180
      objectReference: {fileID: 0}
    - target: {fileID: -4216859302048453862, guid: 0e79ba2994bffd945b285f75c1aa4392,
        type: 3}
      propertyPath: m_LocalEulerAnglesHint.z
      value: 0
      objectReference: {fileID: 0}
    - target: {fileID: -4216859302048453862, guid: 0e79ba2994bffd945b285f75c1aa4392,
        type: 3}
      propertyPath: m_LocalScale.x
      value: 2.2
      objectReference: {fileID: 0}
    - target: {fileID: -4216859302048453862, guid: 0e79ba2994bffd945b285f75c1aa4392,
        type: 3}
      propertyPath: m_LocalScale.y
      value: 2.2
      objectReference: {fileID: 0}
    - target: {fileID: -4216859302048453862, guid: 0e79ba2994bffd945b285f75c1aa4392,
        type: 3}
      propertyPath: m_LocalScale.z
      value: 2.2
      objectReference: {fileID: 0}
    - target: {fileID: -927199367670048503, guid: 0e79ba2994bffd945b285f75c1aa4392,
        type: 3}
      propertyPath: m_Name
      value: 5 Acorn
      objectReference: {fileID: 0}
    m_RemovedComponents: []
  m_SourcePrefab: {fileID: 100100000, guid: 0e79ba2994bffd945b285f75c1aa4392, type: 3}
--- !u!4 &8995442083399813618 stripped
Transform:
  m_CorrespondingSourceObject: {fileID: -4216859302048453862, guid: 0e79ba2994bffd945b285f75c1aa4392,
    type: 3}
  m_PrefabInstance: {fileID: 4155852844567421672}
  m_PrefabAsset: {fileID: 0}
