%YAML 1.1
%TAG !u! tag:unity3d.com,2011:
--- !u!1 &322583069
GameObject:
  m_ObjectHideFlags: 0
  m_CorrespondingSourceObject: {fileID: 0}
  m_PrefabInstance: {fileID: 0}
  m_PrefabAsset: {fileID: 0}
  serializedVersion: 6
  m_Component:
  - component: {fileID: 322583070}
  - component: {fileID: 322583071}
  m_Layer: 0
  m_Name: EffectCreator
  m_TagString: Untagged
  m_Icon: {fileID: 0}
  m_NavMeshLayer: 0
  m_StaticEditorFlags: 0
  m_IsActive: 1
--- !u!4 &322583070
Transform:
  m_ObjectHideFlags: 0
  m_CorrespondingSourceObject: {fileID: 0}
  m_PrefabInstance: {fileID: 0}
  m_PrefabAsset: {fileID: 0}
  m_GameObject: {fileID: 322583069}
  m_LocalRotation: {x: 0, y: 0, z: 0, w: 1}
  m_LocalPosition: {x: 0, y: -0.117, z: 0}
  m_LocalScale: {x: 1, y: 1, z: 1}
  m_Children: []
  m_Father: {fileID: 6331090877410152397}
  m_RootOrder: 1
  m_LocalEulerAnglesHint: {x: 0, y: 0, z: 0}
--- !u!114 &322583071
MonoBehaviour:
  m_ObjectHideFlags: 0
  m_CorrespondingSourceObject: {fileID: 0}
  m_PrefabInstance: {fileID: 0}
  m_PrefabAsset: {fileID: 0}
  m_GameObject: {fileID: 322583069}
  m_Enabled: 1
  m_EditorHideFlags: 0
  m_Script: {fileID: 11500000, guid: 4d6d8344326a401eaecbab634fcf6c27, type: 3}
  m_Name: 
  m_EditorClassIdentifier: 
  Prefab: {fileID: 1244648123260050331, guid: 40b524ef0e84f2f40b381442ea7503b2, type: 3}
  Spawn: {fileID: 322583070}
--- !u!1 &6331090877410152396
GameObject:
  m_ObjectHideFlags: 0
  m_CorrespondingSourceObject: {fileID: 0}
  m_PrefabInstance: {fileID: 0}
  m_PrefabAsset: {fileID: 0}
  serializedVersion: 6
  m_Component:
  - component: {fileID: 6331090877410152397}
  - component: {fileID: 6331090877410152393}
  - component: {fileID: 6331090877410152392}
  - component: {fileID: 6331090877410152395}
  - component: {fileID: 6331090877410152394}
  - component: {fileID: 6331090877410152406}
  m_Layer: 0
  m_Name: Carrot
  m_TagString: Untagged
  m_Icon: {fileID: -5487077368411116049, guid: 0000000000000000d000000000000000, type: 0}
  m_NavMeshLayer: 0
  m_StaticEditorFlags: 0
  m_IsActive: 1
--- !u!4 &6331090877410152397
Transform:
  m_ObjectHideFlags: 0
  m_CorrespondingSourceObject: {fileID: 0}
  m_PrefabInstance: {fileID: 0}
  m_PrefabAsset: {fileID: 0}
  m_GameObject: {fileID: 6331090877410152396}
  m_LocalRotation: {x: 0, y: 0, z: 0, w: 1}
  m_LocalPosition: {x: 11.32, y: 4.14, z: 0}
  m_LocalScale: {x: 1, y: 1, z: 1}
  m_Children:
  - {fileID: 6331090877482630482}
  - {fileID: 322583070}
  m_Father: {fileID: 0}
  m_RootOrder: 0
  m_LocalEulerAnglesHint: {x: 0, y: 0, z: 0}
--- !u!54 &6331090877410152393
Rigidbody:
  m_ObjectHideFlags: 0
  m_CorrespondingSourceObject: {fileID: 0}
  m_PrefabInstance: {fileID: 0}
  m_PrefabAsset: {fileID: 0}
  m_GameObject: {fileID: 6331090877410152396}
  serializedVersion: 2
  m_Mass: 1
  m_Drag: 0
  m_AngularDrag: 0.05
  m_UseGravity: 0
  m_IsKinematic: 0
  m_Interpolate: 0
  m_Constraints: 8
  m_CollisionDetection: 0
--- !u!114 &6331090877410152392
MonoBehaviour:
  m_ObjectHideFlags: 0
  m_CorrespondingSourceObject: {fileID: 0}
  m_PrefabInstance: {fileID: 0}
  m_PrefabAsset: {fileID: 0}
  m_GameObject: {fileID: 6331090877410152396}
  m_Enabled: 1
  m_EditorHideFlags: 0
  m_Script: {fileID: 11500000, guid: da56fb769aab45d6b004943c3353c505, type: 3}
  m_Name: 
  m_EditorClassIdentifier: 
  MaxHealth: 1
  EventOnTakeDamage:
    m_PersistentCalls:
      m_Calls: []
  EventOnDie:
    m_PersistentCalls:
      m_Calls:
      - m_Target: {fileID: 322583071}
        m_MethodName: Create
        m_Mode: 1
        m_Arguments:
          m_ObjectArgument: {fileID: 0}
          m_ObjectArgumentAssemblyTypeName: UnityEngine.Object, UnityEngine
          m_IntArgument: 0
          m_FloatArgument: 0
          m_StringArgument: 
          m_BoolArgument: 0
        m_CallState: 2
--- !u!114 &6331090877410152395
MonoBehaviour:
  m_ObjectHideFlags: 0
  m_CorrespondingSourceObject: {fileID: 0}
  m_PrefabInstance: {fileID: 0}
  m_PrefabAsset: {fileID: 0}
  m_GameObject: {fileID: 6331090877410152396}
  m_Enabled: 1
  m_EditorHideFlags: 0
  m_Script: {fileID: 11500000, guid: 5c607f6e5f4c497eb620b65facbcb463, type: 3}
  m_Name: 
  m_EditorClassIdentifier: 
  Damage: 1
--- !u!114 &6331090877410152394
MonoBehaviour:
  m_ObjectHideFlags: 0
  m_CorrespondingSourceObject: {fileID: 0}
  m_PrefabInstance: {fileID: 0}
  m_PrefabAsset: {fileID: 0}
  m_GameObject: {fileID: 6331090877410152396}
  m_Enabled: 1
  m_EditorHideFlags: 0
  m_Script: {fileID: 11500000, guid: fdd5dfaad1ea49789da4a31985cdadbd, type: 3}
  m_Name: 
  m_EditorClassIdentifier: 
  EnemyHealth: {fileID: 6331090877410152392}
  IsDieOnAnyCollision: 1
--- !u!114 &6331090877410152406
MonoBehaviour:
  m_ObjectHideFlags: 0
  m_CorrespondingSourceObject: {fileID: 0}
  m_PrefabInstance: {fileID: 0}
  m_PrefabAsset: {fileID: 0}
  m_GameObject: {fileID: 6331090877410152396}
  m_Enabled: 1
  m_EditorHideFlags: 0
  m_Script: {fileID: 11500000, guid: aceb8b00850f43ec87ec4315f37568ec, type: 3}
  m_Name: 
  m_EditorClassIdentifier: 
  Rigidbody: {fileID: 6331090877410152393}
  Speed: 3
--- !u!1 &6331090877482630485
GameObject:
  m_ObjectHideFlags: 0
  m_CorrespondingSourceObject: {fileID: 0}
  m_PrefabInstance: {fileID: 0}
  m_PrefabAsset: {fileID: 0}
  serializedVersion: 6
  m_Component:
  - component: {fileID: 6331090877482630482}
  - component: {fileID: 6331090877482630483}
  m_Layer: 0
  m_Name: RotationCenter
  m_TagString: Untagged
  m_Icon: {fileID: 0}
  m_NavMeshLayer: 0
  m_StaticEditorFlags: 0
  m_IsActive: 1
--- !u!4 &6331090877482630482
Transform:
  m_ObjectHideFlags: 0
  m_CorrespondingSourceObject: {fileID: 0}
  m_PrefabInstance: {fileID: 0}
  m_PrefabAsset: {fileID: 0}
  m_GameObject: {fileID: 6331090877482630485}
  m_LocalRotation: {x: 0, y: 0, z: 0, w: 1}
  m_LocalPosition: {x: 0, y: 0, z: 0}
  m_LocalScale: {x: 1, y: 1, z: 1}
  m_Children:
  - {fileID: 1343824566033745653}
  - {fileID: 6331090879278153566}
  m_Father: {fileID: 6331090877410152397}
  m_RootOrder: 0
  m_LocalEulerAnglesHint: {x: 0, y: 0, z: 0}
--- !u!114 &6331090877482630483
MonoBehaviour:
  m_ObjectHideFlags: 0
  m_CorrespondingSourceObject: {fileID: 0}
  m_PrefabInstance: {fileID: 0}
  m_PrefabAsset: {fileID: 0}
  m_GameObject: {fileID: 6331090877482630485}
  m_Enabled: 1
  m_EditorHideFlags: 0
  m_Script: {fileID: 11500000, guid: 8fce1983a975466db7e8ef07eb652437, type: 3}
  m_Name: 
  m_EditorClassIdentifier: 
  RotationSpeed: {x: 0, y: 0, z: 600}
--- !u!1 &6331090879278153553
GameObject:
  m_ObjectHideFlags: 0
  m_CorrespondingSourceObject: {fileID: 0}
  m_PrefabInstance: {fileID: 0}
  m_PrefabAsset: {fileID: 0}
  serializedVersion: 6
  m_Component:
  - component: {fileID: 6331090879278153566}
  - component: {fileID: 6331090879278153567}
  m_Layer: 0
  m_Name: Capsule
  m_TagString: Untagged
  m_Icon: {fileID: 0}
  m_NavMeshLayer: 0
  m_StaticEditorFlags: 0
  m_IsActive: 1
--- !u!4 &6331090879278153566
Transform:
  m_ObjectHideFlags: 0
  m_CorrespondingSourceObject: {fileID: 0}
  m_PrefabInstance: {fileID: 0}
  m_PrefabAsset: {fileID: 0}
  m_GameObject: {fileID: 6331090879278153553}
  m_LocalRotation: {x: 0, y: 0, z: 0, w: 1}
  m_LocalPosition: {x: 0, y: -0.009, z: 0}
  m_LocalScale: {x: 0.26300722, y: 0.5231432, z: 0.26300722}
  m_Children: []
  m_Father: {fileID: 6331090877482630482}
  m_RootOrder: 1
  m_LocalEulerAnglesHint: {x: 0, y: 0, z: 0}
--- !u!136 &6331090879278153567
CapsuleCollider:
  m_ObjectHideFlags: 0
  m_CorrespondingSourceObject: {fileID: 0}
  m_PrefabInstance: {fileID: 0}
  m_PrefabAsset: {fileID: 0}
  m_GameObject: {fileID: 6331090879278153553}
  m_Material: {fileID: 0}
  m_IsTrigger: 0
  m_Enabled: 1
  m_Radius: 0.5
  m_Height: 2
  m_Direction: 1
  m_Center: {x: 0, y: 0, z: 0}
--- !u!1001 &6331090878059982319
PrefabInstance:
  m_ObjectHideFlags: 0
  serializedVersion: 2
  m_Modification:
    m_TransformParent: {fileID: 6331090877482630482}
    m_Modifications:
    - target: {fileID: -4216859302048453862, guid: 1e64464b4174de245bc0539a8698eb2c,
        type: 3}
      propertyPath: m_LocalPosition.x
      value: 0
      objectReference: {fileID: 0}
    - target: {fileID: -4216859302048453862, guid: 1e64464b4174de245bc0539a8698eb2c,
        type: 3}
      propertyPath: m_LocalPosition.y
      value: -0.186
      objectReference: {fileID: 0}
    - target: {fileID: -4216859302048453862, guid: 1e64464b4174de245bc0539a8698eb2c,
        type: 3}
      propertyPath: m_LocalPosition.z
      value: 0
      objectReference: {fileID: 0}
    - target: {fileID: -4216859302048453862, guid: 1e64464b4174de245bc0539a8698eb2c,
        type: 3}
      propertyPath: m_LocalRotation.x
      value: 0.000000057601167
      objectReference: {fileID: 0}
    - target: {fileID: -4216859302048453862, guid: 1e64464b4174de245bc0539a8698eb2c,
        type: 3}
      propertyPath: m_LocalRotation.y
      value: 0.7071067
      objectReference: {fileID: 0}
    - target: {fileID: -4216859302048453862, guid: 1e64464b4174de245bc0539a8698eb2c,
        type: 3}
      propertyPath: m_LocalRotation.z
      value: -0.000000057601156
      objectReference: {fileID: 0}
    - target: {fileID: -4216859302048453862, guid: 1e64464b4174de245bc0539a8698eb2c,
        type: 3}
      propertyPath: m_LocalRotation.w
      value: 0.7071068
      objectReference: {fileID: 0}
    - target: {fileID: -4216859302048453862, guid: 1e64464b4174de245bc0539a8698eb2c,
        type: 3}
      propertyPath: m_RootOrder
      value: 0
      objectReference: {fileID: 0}
    - target: {fileID: -4216859302048453862, guid: 1e64464b4174de245bc0539a8698eb2c,
        type: 3}
      propertyPath: m_LocalEulerAnglesHint.x
      value: 0
      objectReference: {fileID: 0}
    - target: {fileID: -4216859302048453862, guid: 1e64464b4174de245bc0539a8698eb2c,
        type: 3}
      propertyPath: m_LocalEulerAnglesHint.y
      value: 0
      objectReference: {fileID: 0}
    - target: {fileID: -4216859302048453862, guid: 1e64464b4174de245bc0539a8698eb2c,
        type: 3}
      propertyPath: m_LocalEulerAnglesHint.z
      value: 0
      objectReference: {fileID: 0}
    - target: {fileID: -4216859302048453862, guid: 1e64464b4174de245bc0539a8698eb2c,
        type: 3}
      propertyPath: m_LocalScale.x
      value: 1.6
      objectReference: {fileID: 0}
    - target: {fileID: -4216859302048453862, guid: 1e64464b4174de245bc0539a8698eb2c,
        type: 3}
      propertyPath: m_LocalScale.y
      value: 1.6
      objectReference: {fileID: 0}
    - target: {fileID: -4216859302048453862, guid: 1e64464b4174de245bc0539a8698eb2c,
        type: 3}
      propertyPath: m_LocalScale.z
      value: 1.6
      objectReference: {fileID: 0}
    - target: {fileID: -927199367670048503, guid: 1e64464b4174de245bc0539a8698eb2c,
        type: 3}
      propertyPath: m_Name
      value: 7 Carrot
      objectReference: {fileID: 0}
    m_RemovedComponents: []
  m_SourcePrefab: {fileID: 100100000, guid: 1e64464b4174de245bc0539a8698eb2c, type: 3}
--- !u!4 &1343824566033745653 stripped
Transform:
  m_CorrespondingSourceObject: {fileID: -4216859302048453862, guid: 1e64464b4174de245bc0539a8698eb2c,
    type: 3}
  m_PrefabInstance: {fileID: 6331090878059982319}
  m_PrefabAsset: {fileID: 0}
